<record><leader>00000cas a22000007a 4500</leader><controlfield tag="001">17245779</controlfield><controlfield tag="008">871216d19711984inuwr ne      0    0eng d</controlfield><datafield ind1=" " ind2=" " tag="010"><subfield code="a">sn 87056855 </subfield></datafield><datafield ind1=" " ind2=" " tag="040"><subfield code="a">NPI</subfield><subfield code="b">eng</subfield><subfield code="c">NPI</subfield><subfield code="d">OCLCQ</subfield></datafield><datafield ind1=" " ind2=" " tag="042"><subfield code="a">msc</subfield></datafield><datafield ind1="0" ind2="0" tag="245"><subfield code="a">Portage press.</subfield></datafield><datafield ind1=" " ind2=" " tag="260"><subfield code="a">Portage, Ind. :</subfield><subfield code="b">Portage Press,</subfield><subfield code="c">1971-</subfield></datafield><datafield ind1=" " ind2=" " tag="310"><subfield code="a">Weekly</subfield></datafield><datafield ind1="0" ind2=" " tag="362"><subfield code="a">Vol. 1, no. 1 (Apr. 9, 1971)-</subfield></datafield><datafield ind1="1" ind2=" " tag="362"><subfield code="a">Ceased in July 1984?</subfield></datafield><datafield ind1=" " ind2=" " tag="500"><subfield code="a">"Featuring the news of Ogden Dunes, South Haven, Lake Station," &lt;July 7, 1983&gt;.</subfield></datafield><datafield ind1=" " ind2=" " tag="588"><subfield code="a">Latest issue consulted: Vol. 13, no. 27 (July 7, 1983)</subfield></datafield><datafield ind1=" " ind2=" " tag="752"><subfield code="a">United States</subfield><subfield code="b">Indiana</subfield><subfield code="c">Porter</subfield><subfield code="d">Portage.</subfield></datafield><datafield ind1="0" ind2="0" tag="780"><subfield code="t">Portage wave</subfield><subfield code="w">(DLC)sn 87056857</subfield></datafield><datafield ind1="0" ind2="7" tag="785"><subfield code="t">Portage journal (Portage, Ind.)</subfield><subfield code="w">(DLC)sn 84002880</subfield></datafield><datafield ind1="0" ind2="7" tag="785"><subfield code="t">Portage journal press</subfield><subfield code="w">(DLC)sn 86058323</subfield></datafield></record>